<record><leader>00000cas a22000007a 4500</leader><controlfield tag="001">37522510</controlfield><controlfield tag="008">970825d196u1977ncuwr ne      0    0eng d</controlfield><datafield ind1=" " ind2=" " tag="010"><subfield code="a">sn 97064542 </subfield></datafield><datafield ind1=" " ind2=" " tag="040"><subfield code="a">NVJ</subfield><subfield code="b">eng</subfield><subfield code="c">NVJ</subfield><subfield code="d">OCLCQ</subfield></datafield><datafield ind1=" " ind2=" " tag="042"><subfield code="a">msc</subfield></datafield><datafield ind1="0" ind2="4" tag="245"><subfield code="a">The Pamlico County news.</subfield></datafield><datafield ind1=" " ind2=" " tag="260"><subfield code="a">Bayboro, N.C. :</subfield><subfield code="b">Tillie M.S. Knowles</subfield></datafield><datafield ind1=" " ind2=" " tag="300"><subfield code="a">v.</subfield></datafield><datafield ind1=" " ind2=" " tag="310"><subfield code="a">Weekly</subfield></datafield><datafield ind1="0" ind2=" " tag="362"><subfield code="a">-v. 10, no. 41 (Oct. 20, 1977).</subfield></datafield><datafield ind1=" " ind2=" " tag="588"><subfield code="a">Description based on: Vol. 9, no. 1 (Jan. 1, 1976).</subfield></datafield><datafield ind1=" " ind2=" " tag="752"><subfield code="a">United States</subfield><subfield code="b">North Carolina</subfield><subfield code="c">Pamlico</subfield><subfield code="d">Bayboro.</subfield></datafield><datafield ind1="0" ind2="0" tag="785"><subfield code="t">Pamlico news</subfield><subfield code="w">(DLC)sn 97064543</subfield></datafield></record>